@article{ACT:IT3,
  author    = {Jayadev Acharya and
               Cl{\'{e}}ment L. Canonne and
               Cody Freitag and
               Ziteng Sun and
               Himanshu Tyagi},
  title     = {Inference Under Information Constraints {III:} Local Privacy Constraints},
  journal   = {{IEEE} Journal on Selected Areas in Information Theory},
  note      = {In press.},
  year      = {2021}
}

@article{ACT:IT2,
  author    = {Jayadev Acharya and
               Cl{\'{e}}ment L. Canonne and
               Himanshu Tyagi},
  title     = {Inference Under Information Constraints {II:} Communication Constraints
               and Shared Randomness},
  journal   = {{IEEE} Transactions on Information Theory},
  volume    = {66},
  number    = {12},
  pages     = {7856--7877},
  year      = {2020}
}

@article{ACT:IT1,
  author    = {Jayadev Acharya and
               Cl{\'{e}}ment L. Canonne and
               Himanshu Tyagi},
  title     = {Inference Under Information Constraints {I:} Lower Bounds From Chi-Square Contraction},
  journal   = {{IEEE} Transactions on Information Theory},
  volume    = {66},
  number    = {12},
  pages     = {7835--7855},
  year      = {2020}
}

@article{CDKS:20,
  author = {Canonne, Cl{\'{e}}ment L. and
            Diakonikolas, Ilias and
            Kane, Daniel M. and
            Stewart, Alistair},
  title = {Testing {B}ayesian Networks},
  journal   = {{IEEE} Transactions on Information Theory},
  volume    = {66},
  number    = {5},
  pages     = {3132--3170},
  year      = {2020}
}

@article{CGGKW:19,
 author = {Canonne, Cl{\'{e}}ment L. and Grigorescu, Elena and Guo, Siyao and Kumar, Akash and Wimmer, Karl},
 title = {Testing $k$-Monotonicity: The Rise and Fall of {Boolean} Functions},
 year = {2019},
 pages = {1--55},
 doi = {10.4086/toc.2019.v015a001},
 publisher = {Theory of Computing},
 journal = {Theory of Computing},
 volume = {15},
 number = {1},
 URL = {http://www.theoryofcomputing.org/articles/v015a001},
}

@article{BCELR:19,
   author = {Blais, Eric and Canonne, Cl{\'e}ment L. and Eden, Talya and Levi, Amit and Ron, Dana},
   title = {Tolerant Junta Testing and the Connection to Submodular Optimization and Function Isomorphism},
   journal = {ACM Transactions on Computation Theory},
   issue_date = {September 2019},
   volume = {11},
   number = {4},
   year = {2019},
   issn = {1942-3454},
   pages = {24:1--24:33},
   articleno = {24},
   numpages = {33},
   url = {http://doi.acm.org/10.1145/3337789},
   doi = {10.1145/3337789},
   acmid = {3337789},
   publisher = {ACM}
} 



@article{BCG:19,
 author = {Blais, Eric and Canonne, Cl{\'e}ment L. and Gur, Tom},
 title = {Distribution Testing Lower Bounds via Reductions from Communication Complexity},
 journal = {ACM Transactions on Computation Theory},
 issue_date = {April 2019},
 volume = {11},
 number = {2},
 year = {2019},
 issn = {1942-3454},
 pages = {6:1--6:37},
 articleno = {6},
 numpages = {37},
 url = {http://doi.acm.org/10.1145/3305270},
 doi = {10.1145/3305270},
 publisher = {ACM}
} 

@article{ACK:18,
 author = {Acharya, Jayadev and Canonne, Cl{\'{e}}ment L. and Kamath, Gautam},
 title = {A Chasm Between Identity and Equivalence Testing with Conditional Queries},
 year = {2018},
 pages = {1--46},
 doi = {10.4086/toc.2018.v014a019},
 publisher = {Theory of Computing},
 journal = {Theory of Computing},
 volume = {14},
 number = {19},
 URL = {http://www.theoryofcomputing.org/articles/v014a019},
}

@article{CGMS:17,
  author    = {Canonne, Cl{\'{e}}ment L. and
               Guruswami, Venkatesan and
               Meka, Raghu and
               Sudan, Madhu},
  title     = {Communication With Imperfectly Shared Randomness},
  journal   = {{IEEE} Transactions on Information Theory},
  volume    = {63},
  number    = {10},
  pages     = {6799--6818},
  year      = {2017}
}

@article{CDGR:17:ToCS,
  author    = {Canonne, Cl\'ement L. and Diakonikolas, Ilias and Gouleakis, Themis and Rubinfeld, Ronitt},
  title     = {Testing Shape Restrictions of Discrete Distributions},
  journal   = {Theory of Computing Systems},
  doi       = {10.1007/s00224-017-9785-6},
  volume    = {62},
  number    = {1},
  pages     = {4--62},
  year      = {2018},
  note = {Invited issue for STACS 2016.}
}


@article{CRS:12:SICOMP,
  author    = {Canonne, Cl{\'e}ment L. and
               Ron, Dana and
               Servedio, Rocco A.},
  title     = {Testing probability distributions using conditional samples},
  journal   = {{SIAM} {J}ournal on {C}omputing ({SICOMP})},
  volume = {44},
  number = {3},
  pages = {540-616},
  year = {2015},
  doi = {10.1137/130945508},
}

@article{CG:18,
  author    = {Canonne, Cl{\'{e}}ment L. and
               Gur, Tom},
  title     = {An Adaptivity Hierarchy Theorem for Property Testing},
  journal   = {computational complexity},
  year      = {2018},
  volume    = 27,
  number    = 4,
  pages     = {671--716},
  doi       = {10.1007/s00037-018-0168-4},
  url       = {https://doi.org/10.1007/s00037-018-0168-4}
}

@article{Canonne:Survey:ToC,
 author = {Cl{\'{e}}ment L. Canonne},
 title = {A Survey on Distribution Testing: Your Data is Big. But is it Blue?},
 year = {2020},
 pages = {1--100},
 doi = {10.4086/toc.gs.2020.009},
 publisher = {Theory of Computing Library},
 journal = {Theory of Computing},
 number = {9},
 series = {Graduate Surveys},
 URL = {http://www.theoryofcomputing.org/library.html},
}

@inproceedings{C0S:20,
  author    = {Cl{\'{e}}ment L. Canonne and
               Gautam Kamath and
               Thomas Steinke},
  title     = {The Discrete Gaussian for Differential Privacy},
  booktitle = {Advances in Neural Information Processing Systems 33 (NeurIPS)},
  year      = {2020}
}

@inproceedings{ACHST:19,
  author    = {Jayadev Acharya and
               Cl{\'{e}}ment L. Canonne and
               Yanjun Han and
               Ziteng Sun and
               Himanshu Tyagi},
  title     = {Domain Compression and its Application to Randomness-Optimal Distributed Goodness-of-Fit},
  booktitle = {33rd Conference on Learning Theory (COLT)},
  series    = {Proceedings of Machine Learning Research},
  volume    = {125},
  pages     = {3--40},
  publisher = {{PMLR}},
  year      = {2020}
}

@inproceedings{CKMSU:19,
  author    = {Cl{\'{e}}ment L. Canonne and
               Gautam Kamath and
               Audra McMillan and
               Adam D. Smith and
               Jonathan Ullman},
  title     = {The structure of optimal private tests for simple hypotheses},
  booktitle = {51st Annual {ACM} {SIGACT} Symposium on Theory of Computing (STOC)},
  pages     = {310--321},
  publisher = {{ACM}},
  year      = {2019}
}

@inproceedings{CDS:18,
  author = {Canonne, Cl{\'{e}}ment L. and
            Diakonikolas, Ilias and
            Stewart, Alistair},
  title     = {Testing for Families of Distributions via the {Fourier} Transform},
  booktitle   = {Advances in Neural Information Processing Systems 31 (NeurIPS)},
  pages = {10063--10074},
  year = {2018},
  publisher = {Curran Associates, Inc.}
}


@inproceedings{CDKS:18,
  author = {Canonne, Cl{\'{e}}ment L. and
            Diakonikolas, Ilias and
            Kane, Daniel M. and
            Stewart, Alistair},
  title     = {Testing Conditional Independence of Discrete Distributions},
  booktitle   = {50th ACM Symposium on Theory of Computing (STOC)},
  pages     = {735--748},
  publisher = {{ACM}},
  year      = {2018}
}

@inproceedings{CKLWX:19,
  author    = {Cl{\'{e}}ment L. Canonne and
  	     Xi Chen and
               Gautam Kamath and
               Amit Levi and
               Erik Waingarten},
  title     = {Random Restrictions of High-Dimensional Distributions and Uniformity Testing with Subcube Conditioning},
  booktitle = {ACM--SIAM Symposium on Discrete Algorithms (SODA)},
  note      = {To appear.},
  year      = {2021}
}

%%%%%%%%%%%%%%%%%%%%% Private Product Testing, '20 %%%%%%%%%%%%%%%%%%%%% 
@inproceedings{CKMUZ:19,
  author    = {Cl{\'{e}}ment L. Canonne and
               Gautam Kamath and
               Audra McMillan and
               Jonathan Ullman and
               Lydia Zakynthinou},
  title     = {Private Identity Testing for High-Dimensional Distributions},
  booktitle = {Advances in Neural Information Processing Systems 33 (NeurIPS)},
  year      = {2020},
  note      = {Spotlight Presentation}
}

@article{ACT:20,
  author    = {Jayadev Acharya and
               Cl{\'{e}}ment L. Canonne and
               Himanshu Tyagi},
  title     = {General lower bounds for interactive high-dimensional estimation under information constraints},
  journal   = {CoRR},
  volume    = {abs/2010.06562},
  year      = {2020}
}

@article{ACLST:20,
  author    = {Jayadev Acharya and
               Cl{\'{e}}ment L. Canonne and
               Yuhan Liu and
               Ziteng Sun and
               Himanshu Tyagi},
  title     = {Interactive Inference under Information Constraints},
  journal   = {CoRR},
  volume    = {abs/2007.10976},
  year      = {2020}
}

@article{ACT:20,
  author    = {Jayadev Acharya and
               Cl{\'{e}}ment L. Canonne and
               Himanshu Tyagi},
  title     = {General lower bounds for interactive high-dimensional estimation under information constraints},
  journal   = {CoRR},
  volume    = {abs/2010.06562},
  year      = {2020}
}


@article{ACLST:20,
  author    = {Jayadev Acharya and
               Cl{\'{e}}ment L. Canonne and
               Yuhan Liu and
               Ziteng Sun and
               Himanshu Tyagi},
  title     = {Interactive Inference under Information Constraints},
  journal   = {CoRR},
  volume    = {abs/2007.10976},
  year      = {2020}
}
