@inproceedings{CSY:25,
  author       = {Cl{\'{e}}ment L. Canonne and
                  Sayantan Sen and
                  Joy Qiping Yang},
  title        = {Settling the complexity of testing grainedness of distributions, and application to uniformity testing in the Huge Object model},
  booktitle    = {{Innovations in Theoretical Computer Science (ITCS)}},
  year         = {2025},
  note          = {(To appear.)}
}

@inproceedings{CSV:25,
  author       = {Cl{\'{e}}ment L. Canonne and
                  Francis E. Su and
                  Salil P. Vadhan},
  title        = {The Randomness Complexity of Differential Privacy},
  booktitle    = {{Innovations in Theoretical Computer Science (ITCS)}},
  year         = {2025},
  note          = {(To appear.)}
}

@inproceedings{CG:25,
  author       = {Cl{\'{e}}ment L. Canonne and
                  Abigail Gentle},
  title        = {Locally Private Histograms in All Privacy Regimes},
  booktitle    = {{Innovations in Theoretical Computer Science (ITCS)}},
  year         = {2025},
  note          = {(To appear.)}
}

@inproceedings{CY:24b,
  author    = {Cl{\'{e}}ment L. Canonne and
               Joy Qiping Yang},
  title     = {Entropy testing and its application to testing Bayesian networks},
  booktitle = {Advances in Neural Information Processing Systems 37 (NeurIPS)},
  year      = {2024},
  note      = {(To appear.)}
}

@inproceedings{CYBC:24,
  author       = {Davin Choo and
                  Joy Qiping Yang and
                  Arnab Bhattacharyya and
                  Cl{\'{e}}ment L. Canonne},
  title        = {Learning bounded-degree polytrees with known skeleton},
  booktitle    = {International Conference on Algorithmic Learning Theory (ALT)},
  publisher    = {{PMLR}},
  year         = {2024}
}


@inproceedings{CS:24,
  author       = {Cl{\'{e}}ment L. Canonne and
                  Yucheng Sun},
  title        = {Private Distribution Testing with Heterogeneous Constraints: Your Epsilon Might Not Be Mine},
  booktitle    = {{Innovations in Theoretical Computer Science (ITCS)}},
  series       = {LIPIcs},
  volume       = {287},
  pages        = {23:1--23:24},
  year         = {2024}
}



@inproceedings{CY:24,
  author       = {Cl{\'{e}}ment L. Canonne and
                  Joy Qiping Yang},
  title        = {Simpler Distribution Testing with Little Memory},
  booktitle      = {2024 Symposium on Simplicity in Algorithms (SOSA)},
  year         = {2024},
  publisher    = {{SIAM}},
}

@inproceedings{BBCKS:23,
  author    = {Shai Ben-David and
               Alex Bie and 
               Cl{\'{e}}ment L. Canonne and
               Gautam Kamath and
               Vikrant Singhal},
  title     = {Private Distribution Learning with Public Data: The View from Sample Compression},
  booktitle = {Advances in Neural Information Processing Systems 36 (NeurIPS)},
  year      = {2023}
}

@inproceedings{ACST:23,
  author    = {Jayadev Acharya and
               Cl{\'{e}}ment L. Canonne and
               Ziteng Sun and
               Himanshu Tyagi},
  title     = {Unified lower bounds for interactive high-dimensional estimation under information constraints},
  booktitle = {Advances in Neural Information Processing Systems 36 (NeurIPS)},
  year      = {2023}
}

@inproceedings{CHLLN:23,
  author       = {Cl{\'{e}}ment L. Canonne and
                  Samuel B. Hopkins and
                  Jerry Li and
                  Allen Liu and
                  Shyam Narayanan},
  title        = {The Full Landscape of Robust Mean Testing: Sharp Separations between
                  Oblivious and Adaptive Contamination},
  booktitle    = {64th {IEEE} Annual Symposium on Foundations of Computer Science, {FOCS}},
  pages        = {36--45},
  publisher    = {{IEEE}},
  year      = {2023}
}

@inproceedings{CSS:23,
  author    = {Cl{\'{e}}ment L. Canonne and
               Ziteng Sun and
               Ananda Theertha Suresh},
  title     = {Concentration Bounds for Discrete Distribution Estimation in {KL} Divergence},
  booktitle    = {{IEEE} International Symposium on Information Theory, {ISIT} 2023},
  pages        = {2093--2098},
  publisher    = {{IEEE}},
  year         = {2023}
}

@inproceedings{BCQ:23,
  author    = {Vipul Arora and
  	       Arnab Bhattacharyya and
               Cl{\'{e}}ment L. Canonne and
               Joy Qiping Yang},
  title     = {Near-Optimal Degree Testing for Bayes Nets},
  booktitle    = {{IEEE} International Symposium on Information Theory, {ISIT} 2023},
  pages        = {2093--2098},
  publisher    = {{IEEE}},
  year         = {2023}
}

@inproceedings{BCQ:22,
  author    = {Arnab Bhattacharyya and
               Cl{\'{e}}ment L. Canonne and
               Joy Qiping Yang},
  title     = {Independence Testing for Bounded Degree Bayesian Networks},
  booktitle = {Advances in Neural Information Processing Systems 35 (NeurIPS)},
  year      = {2022}
}

@inproceedings{GC:22,
  author    = {Anand Jerry George and
               Cl{\'{e}}ment L. Canonne},
  title     = {Robust Testing in High-Dimensional Sparse Models},
  booktitle = {Advances in Neural Information Processing Systems 35 (NeurIPS)},
  year      = {2022},
  note	    = {(Contribution order).}
}

@inproceedings{CDKL:22,
  author    = {Cl{\'{e}}ment L. Canonne and
               Ilias Diakonikolas and
               Daniel Kane and
               Sihan Liu},
  title     = {Nearly-Tight Bounds for Testing Histogram Distributions},
  booktitle = {Advances in Neural Information Processing Systems 35 (NeurIPS)},
  year      = {2022}
}

@inproceedings{CJKL:22,
  author    = {Cl{\'{e}}ment L. Canonne and
               Ayush Jain and
               Gautam Kamath and
               Jerry Li},
  title     = {The Price of Tolerance in Distribution Testing},
  booktitle = {35th Conference on Learning Theory (COLT)},
  series    = {Proceedings of Machine Learning Research},
  year      = {2022},
  url       = {https://arxiv.org/abs/2106.13414},
  volume    = {178},
  pages     = {573--624},
}

@inproceedings{ACST:22,
  author    = {Jayadev Acharya and
               Cl{\'{e}}ment L. Canonne and
               Ziteng Sun and
               Himanshu Tyagi},
  title     = {The Role of Interactivity in Structured Estimation},
  booktitle = {35th Conference on Learning Theory (COLT)},
  series    = {Proceedings of Machine Learning Research},
  year      = {2022},
  url       = {https://arxiv.org/abs/2203.06870},
  volume    = {178},
  pages     = {1328--1355},
}

@inproceedings{CL:22,
  author    = {Cl{\'{e}}ment L. Canonne and
               Hongyi Lyu},
  title     = {Uniformity Testing in the Shuffle Model: Simpler, Better, Faster},
  booktitle = {SIAM Symposium on Simplicity in Algorithms (SOSA)},
  year      = {2022},
  pages     = {182--202},
  publisher = {{SIAM}},
  url	    = {https://arxiv.org/abs/2108.08987}
}

@inproceedings{ACLST:21b,
  author    = {Jayadev Acharya and
               Cl{\'{e}}ment L. Canonne and
               Yuhan Liu and
               Ziteng Sun and
               Himanshu Tyagi},
  title     = {Distributed Estimation with Multiple Samples per User: Sharp Rates and Phase Transition},
  booktitle = {Advances in Neural Information Processing Systems 34 (NeurIPS)},
  year      = {2021}
}
@inproceedings{ACST:21b,
  author    = {Jayadev Acharya and
               Cl{\'{e}}ment L. Canonne and
               Aditya Vikram Singh and
               Himanshu Tyagi},
  title     = {Optimal Rates for Nonparametric Density Estimation under Communication Constraints},
  booktitle = {Advances in Neural Information Processing Systems 34 (NeurIPS)},
  year      = {2021},
  url       = {https://arxiv.org/abs/2107.10078}
}
@inproceedings{ACMT:21,
  author    = {Jayadev Acharya and
               Cl{\'{e}}ment L. Canonne and
               Prathamesh Mayekar and
               Himanshu Tyagi},
  title     = {Information-constrained optimization: can adaptive processing of gradients help?},
  booktitle = {Advances in Neural Information Processing Systems 34 (NeurIPS)},
  year      = {2021},
  url       = {https://arxiv.org/abs/2104.00979}
}
@inproceedings{CW:21,
  author    = {Cl{\'{e}}ment L. Canonne and
               Karl Wimmer},
  title     = {Identity testing under label mismatch},
  booktitle = {International Symposium on Algorithms and Computation (ISAAC)},
  year      = {2021},
  url       = {https://arxiv.org/abs/2105.01856}
}

@inproceedings{ACLST:21,
  author    = {Jayadev Acharya and
               Cl{\'{e}}ment L. Canonne and
               Yuhan Liu and
               Ziteng Sun and
               Himanshu Tyagi},
  title     = {Interactive Inference under Information Constraints},
  booktitle = {{IEEE} International Symposium on Information Theory (ISIT)},
   year     = {2021},
   url = {https://arxiv.org/abs/2007.10976}
   
}
@inproceedings{CKLWX:19,
  author    = {Cl{\'{e}}ment L. Canonne and
  	     Xi Chen and
               Gautam Kamath and
               Amit Levi and
               Erik Waingarten},
  title     = {Random Restrictions of High-Dimensional Distributions and Uniformity Testing with Subcube Conditioning},
  booktitle = {ACM--SIAM Symposium on Discrete Algorithms (SODA)},
  year      = {2021},
  url       = {https://arxiv.org/abs/1911.07357}
}
@inproceedings{C0S:20,
  author    = {Cl{\'{e}}ment L. Canonne and
               Gautam Kamath and
               Thomas Steinke},
  title     = {The Discrete Gaussian for Differential Privacy},
  booktitle = {Advances in Neural Information Processing Systems 33 (NeurIPS)},
  year      = {2020},
  url       = {https://arxiv.org/abs/2004.00010}
}
@inproceedings{CKMUZ:19,
  author    = {Cl{\'{e}}ment L. Canonne and
               Gautam Kamath and
               Audra McMillan and
               Jonathan Ullman and
               Lydia Zakynthinou},
  title     = {Private Identity Testing for High-Dimensional Distributions},
  booktitle = {Advances in Neural Information Processing Systems 33 (NeurIPS)},
  year      = {2020},
  note      = {Spotlight Presentation},
  url       = {https://arxiv.org/abs/1905.11947}
}
@inproceedings{ACT:20,
  author    = {Jayadev Acharya and
               Cl{\'{e}}ment L. Canonne and
               Himanshu Tyagi},
  title     = {Distributed Signal Detection under Communication Constraints},
  booktitle = {33rd Conference on Learning Theory (COLT)},
  series    = {Proceedings of Machine Learning Research},
  volume    = {125},
  pages     = {41--63},
  publisher = {{PMLR}},
  year      = {2020},
  url       = {http://proceedings.mlr.press/v125/acharya20b.html}
}
@inproceedings{ACHST:19,
  author    = {Jayadev Acharya and
               Cl{\'{e}}ment L. Canonne and
               Yanjun Han and
               Ziteng Sun and
               Himanshu Tyagi},
  title     = {Domain Compression and its Application to Randomness-Optimal Distributed Goodness-of-Fit},
  booktitle = {33rd Conference on Learning Theory (COLT)},
  series    = {Proceedings of Machine Learning Research},
  volume    = {125},
  pages     = {3--40},
  publisher = {{PMLR}},
  year      = {2020},
  url       = {https://arxiv.org/abs/1907.08743}
}
@inproceedings{CW:20,
  author    = {Cl{\'{e}}ment L. Canonne and Karl Wimmer},
  title     = {Testing Data Binnings},
  booktitle = {{APPROX/RANDOM}},
  series    = {LIPIcs},
  volume    = {176},
  pages     = {24:1--24:13},
  publisher = {Schloss Dagstuhl - Leibniz-Zentrum f{\"{u}}r Informatik},
  year      = {2020},
  url       = {https://drops.dagstuhl.de/opus/volltexte/2020/12627/}
}
@inproceedings{CDS:20,
  author    = {Cl{\'{e}}ment L. Canonne and
               Anindya De and
               Rocco A. Servedio},
  title     = {Learning from satisfying assignments under continuous distributions},
  booktitle = {ACM--SIAM Symposium on Discrete Algorithms (SODA)},
  pages     = {82--101},
  publisher = {{SIAM}},
  year      = {2020},
  url       = {https://arxiv.org/abs/1907.01619}
}
@inproceedings{BCLW:19,
  title = 	 {Finding monotone patterns in sublinear time},
  author = 	 {Ben-Eliezer, Omri and Canonne, Cl{\'{e}}ment L. and Letzter, Shoham and Waingarten, Erik},
  booktitle = 	 {60th Annual Symposium on Foundations of Computer Science (FOCS)},
  pages     = {1469--1494},
  publisher = {{IEEE} Computer Society},
  year      = {2019},
  url       = {https://arxiv.org/abs/1910.01749}
}
@inproceedings{ACT:19:UB,
  title       = 	 {Communication-Constrained Inference and the Role of Shared Randomness},
  author      = 	 {Acharya, Jayadev and Canonne, Cl{\'{e}}ment L. and Tyagi, Himanshu},
  booktitle   = 	 {36th International Conference on Machine Learning (ICML)},
  pages       = 	 {30--39},
  year        = 	 {2019},
  volume      = 	 {97},
  series      = 	 {Proceedings of Machine Learning Research},
  publisher   = 	 {PMLR},
  note        = {Long oral},
  url       = {http://proceedings.mlr.press/v97/acharya19a.html}
}
@inproceedings{ACT:19:LB,
  title = 	 {Inference under Information Constraints: Lower Bounds from Chi-Square Contraction},
  author = 	 {Acharya, Jayadev and Canonne, Cl{\'{e}}ment L. and Tyagi, Himanshu},
  booktitle = 	 {32nd Conference on Learning Theory (COLT)},
  pages = 	 {3--17},
  year = 	 {2019},
  volume = 	 {99},
  series = 	 {Proceedings of Machine Learning Research},
  publisher = 	 {PMLR},
  url       = {http://proceedings.mlr.press/v99/acharya19a.html}
}
@inproceedings{CKMSU:19,
  author    = {Cl{\'{e}}ment L. Canonne and
               Gautam Kamath and
               Audra McMillan and
               Adam D. Smith and
               Jonathan Ullman},
  title     = {The structure of optimal private tests for simple hypotheses},
  booktitle = {51st Annual {ACM} {SIGACT} Symposium on Theory of Computing (STOC)},
  pages     = {310--321},
  publisher = {{ACM}},
  year      = {2019},
  url       = {https://arxiv.org/abs/1811.11148}
}
@inproceedings{ACFT:19,
  author    = {Acharya, Jayadev and
               Canonne, Cl{\'{e}}ment L. and
               Freitag, Cody and
               Tyagi, Himanshu},
  title     = {Test without Trust: Optimal Locally Private Distribution Testing},
  booktitle = {The 22nd International Conference on Artificial Intelligence and Statistics (AISTATS)},
  year = 2019,
  series    = {Proceedings of Machine Learning Research},
  volume    = {89},
  pages     = {2067--2076},
  publisher = {{PMLR}},
  url       = {https://arxiv.org/abs/1808.02174}
}
@inproceedings{CDS:18,
  author = {Canonne, Cl{\'{e}}ment L. and
            Diakonikolas, Ilias and
            Stewart, Alistair},
  title     = {Testing for Families of Distributions via the {Fourier} Transform},
  booktitle   = {Advances in Neural Information Processing Systems 31 (NeurIPS)},
  pages = {10063--10074},
  year = {2018},
  publisher = {Curran Associates, Inc.},
  url       = {https://arxiv.org/abs/1706.05738}
}
@inproceedings{CDKS:18,
  author = {Canonne, Cl{\'{e}}ment L. and
            Diakonikolas, Ilias and
            Kane, Daniel M. and
            Stewart, Alistair},
  title     = {Testing Conditional Independence of Discrete Distributions},
  booktitle   = {50th ACM Symposium on Theory of Computing (STOC)},
  pages     = {735--748},
  publisher = {{ACM}},
  year      = {2018},
  url       = {https://arxiv.org/abs/1711.11560}
}
@inproceedings{BC:18,
  author    = {Ben-Eliezer, Omri and
               Canonne, Cl{\'{e}}ment L.},
  title     = {Improved Bounds for Testing Forbidden Order Patterns},
  booktitle = {ACM--SIAM Symposium on Discrete Algorithms (SODA)},
  pages     = {2093--2112},
  publisher = {{SIAM}},
  year      = {2018},
  url       = {https://arxiv.org/abs/1710.10660}
}
@inproceedings{BCELR:18,
  author    = {Blais, Eric and
               Canonne, Cl{\'{e}}ment L. and
               Eden, Talya and
               Levi, Amit and
               Ron, Dana},
  title     = {Tolerant Junta Testing and the Connection to Submodular Optimization and Function Isomorphism},
  booktitle = {ACM--SIAM Symposium on Discrete Algorithms (SODA)},
  pages     = {2113--2132},
  publisher = {{SIAM}},
  year      = {2018},
  doi       = {10.1145/3337789},
  url       = {https://arxiv.org/abs/1607.03938}
}
@inproceedings{BC:17,
  author    = {Batu, Tu\u{g}kan and
               Canonne, Cl{\'{e}}ment L.},
  title     = {Generalized Uniformity Testing},
  booktitle = {{IEEE} 58th Annual Symposium on Foundations of Computer Science (FOCS)},
  pages     = {880--889},
  publisher = {{IEEE} Computer Society},
  year      = {2017},
  url       = {https://arxiv.org/abs/1708.04696v1}
}
@inproceedings{CDKS:17,
  author = {Canonne, Cl{\'{e}}ment L. and
            Diakonikolas, Ilias and
            Kane, Daniel M. and
            Stewart, Alistair},
  title     = {Testing {B}ayesian Networks},
  booktitle = {30th Annual Conference on Learning Theory (COLT)},
  year      = 2017,
  url       = {http://proceedings.mlr.press/v65/canonne17a.html}
}
@inproceedings{CG:17,
  author    = {Canonne, Cl{\'{e}}ment L. and
               Gur, Tom},
  title     = {An Adaptivity Hierarchy Theorem for Property Testing},
  booktitle = {Computational Complexity Conference (CCC)},
  year      = {2017},
  url       = {https://drops.dagstuhl.de/opus/volltexte/2017/7516/}
}
@inproceedings{BCG:17,
  author    = {Blais, Eric and
               Canonne, Cl{\'{e}}ment L. and
               Gur, Tom},
  title     = {Distribution Testing Lower Bounds via Reductions from Communication Complexity},
  booktitle = {Computational Complexity Conference (CCC)},
  year      = {2017},
  url       = {https://drops.dagstuhl.de/opus/volltexte/2017/7536/}
}
@inproceedings{CGGKW:16,
  author    = {Canonne, Cl{\'{e}}ment L. and
               Grigorescu, Elena and
               Guo, Siyao and
               Kumar, Akash and
               Wimmer, Karl},
  title     = {Testing $k$-Monotonicity},
  booktitle  = {8th Innovations in Theoretical Computer Science (Innovations in Theoretical Computer Science (ITCS))},
  publisher = {{ACM}},
  year      = {2017},
  url       = {https://drops.dagstuhl.de/opus/volltexte/2017/8158/}
}
@inproceedings{Canonne:16,
	author = {Cl\'ement L. Canonne},
	title = {Are Few Bins Enough: Testing Histogram Distributions},
	booktitle = {35th {ACM} {SIGMOD-SIGACT-SIGAI} Symposium on Principles of Database Systems (PODS)},
  publisher = {{ACM}},
  year      = {2016},
  url       = {https://eccc.weizmann.ac.il/report/2015/160/}
}
@inproceedings{CGR:16,
  author    = {Canonne, Cl\'ement L. and
               Gouleakis, Themis and
               Rubinfeld, Ronitt},
  title     = {Sampling Correctors},
  booktitle  = {7th Innovations in Theoretical Computer Science (Innovations in Theoretical Computer Science (ITCS))},
  publisher = {{ACM}},
  year      = {2016},
  url       = {https://arxiv.org/abs/1504.06544}
}
@inproceedings{CDGR:16,
  author    = {Canonne, Cl\'ement L. and Diakonikolas, Ilias and Gouleakis, Themis and Rubinfeld, Ronitt},
  title     = {Testing Shape Restrictions of Discrete Distributions},
  booktitle = {33rd International Symposium on Theoretical Aspects of Computer Science (STACS)},
  year      = {2016},
  note      = {Invited to the \emph{Theory of Computing Systems} Special Issue.},
  url       = {https://arxiv.org/abs/1507.03558}
}
@inproceedings{BCOST:15,
  author    = {Blais, Eric and Canonne, Cl\'ement L. and Oliveira, Igor C. and Servedio,Rocco A. and Tan, Li-Yang },
  title     = {Learning Circuits with few Negations},
  booktitle = {{APPROX-RANDOM}},
  year      = {2015},
  url       = {https://arxiv.org/abs/1410.8420}
}
@inproceedings{ACK:15,
  author    = {Acharya, Jayadev and
                Canonne, Cl\'ement L. and
                Kamath, Gautam},
  title     = {A Chasm Between Identity and Equivalence Testing with Conditional Queries},
  booktitle = {{APPROX-RANDOM}},
  year      = {2015},
  url       = {https://drops.dagstuhl.de/opus/volltexte/2015/5317/}
}
@inproceedings{Canonne:15,
   author              = {Canonne, Cl\'ement L.},
   title               = {{B}ig {D}ata on the Rise: {T}esting monotonicity of distributions},
   booktitle           = {42nd International Conference on Automata, Languages and Programming (ICALP)},
   year                = {2015},
   url                 = {https://arxiv.org/abs/1501.06783}
}
@inproceedings{ACK:15:ISIT,
  author    = {Acharya, Jayadev and
               Canonne, Cl\'ement L. and
               Kamath, Gautam},
  title     = {Adaptive Estimation in Weighted Group Testing},
  booktitle = {{IEEE} International Symposium on Information Theory (ISIT)},
   year     = {2015},
   doi      = {https://doi.org/10.1109/ISIT.2015.7282829}
}
@inproceedings{CR:14,
   author              = {Canonne, Cl\'ement L. and Rubinfeld, Ronitt},
   title               = {Testing Probability Distributions Underlying Aggregated Data},
   booktitle           = {41st International Conference on Automata, Languages and Programming (ICALP)},
   year                = {2014},
   url                 = {https://arxiv.org/abs/1402.3835}
}
@inproceedings{CRS:14,
  author =       {Canonne, Cl\'ement L. and Ron, Dana and Servedio, Rocco A.},
  title     = {Testing equivalence between distributions using conditional samples},
  booktitle = {ACM--SIAM Symposium on Discrete Algorithms (SODA)},
  year      = {2014},
  doi        = {http://dx.doi.org/10.1137/1.9781611973402.87},
  url       = {http://www.cs.columbia.edu/~rocco/papers/soda14cond.html}
}
@inproceedings{CGMM:14,
   author    = {Canonne, Cl\'ement L. and Guruswami, Venkatesan and Meka, Raghu and Sudan, Madhu},
   title     = {Communication with Imperfectly Shared Randomness},
  booktitle  = {6th Innovations in Theoretical Computer Science (Innovations in Theoretical Computer Science (ITCS))},
  year       = {2015},
  url        = {https://arxiv.org/abs/1411.3603}
}
