@article{Canonne:Survey:ToC,
 author = {Cl{\'{e}}ment L. Canonne},
 title = {A Survey on Distribution Testing: Your Data is Big. But is it Blue?},
 year = {2020},
 pages = {1--100},
 doi = {10.4086/toc.gs.2020.009},
 publisher = {Theory of Computing Library},
 journal = {Theory of Computing},
 number = {9},
 series = {Graduate Surveys},
 url = {http://www.theoryofcomputing.org/articles/gs009/},
}
