@article{ACLST:22,
  author    = {Jayadev Acharya and
               Cl{\'{e}}ment L. Canonne and
               Yuhan Liu and
               Ziteng Sun and
               Himanshu Tyagi},
  title     = {Interactive Inference Under Information Constraints},
  journal   = {{IEEE} Transactions on Information Theory},
  volume    = {68},
  number    = {1},
  pages     = {502--516},
  year      = {2022},
  url       = {https://arxiv.org/abs/2007.10976},
  doi       = {10.1109/TIT.2021.3123905},
}

@article{ACT:IT3,
  author    = {Jayadev Acharya and
               Cl{\'{e}}ment L. Canonne and
               Cody Freitag and
               Ziteng Sun and
               Himanshu Tyagi},
  title     = {Inference Under Information Constraints {III:} Local Privacy Constraints},
  journal   = {{IEEE} Journal on Selected Areas in Information Theory},
  year      = {2021},
  volume    = {2},
  number    = {1},
  pages     = {253-267},
  doi       = {10.1109/JSAIT.2021.3053569},
  url       = {https://arxiv.org/abs/2101.07981}
}
@article{ACT:IT2,
  author    = {Jayadev Acharya and
               Cl{\'{e}}ment L. Canonne and
               Himanshu Tyagi},
  title     = {Inference Under Information Constraints {II:} Communication Constraints and Shared Randomness},
  journal   = {{IEEE} Transactions on Information Theory},
  volume    = {66},
  number    = {12},
  pages     = {7856--7877},
  year      = {2020},
  doi       = {10.1109/TIT.2020.3028439},
  url       = {https://arxiv.org/abs/1905.08302}
}
@article{ACT:IT1,
  author    = {Jayadev Acharya and
               Cl{\'{e}}ment L. Canonne and
               Himanshu Tyagi},
  title     = {Inference Under Information Constraints {I:} Lower Bounds From Chi-Square Contraction},
  journal   = {{IEEE} Transactions on Information Theory},
  volume    = {66},
  number    = {12},
  pages     = {7835--7855},
  year      = {2020},
  doi       = {10.1109/TIT.2020.3028440},
  url       = {https://arxiv.org/abs/1812.11476}
}
@article{CDKS:20,
  author = {Canonne, Cl{\'{e}}ment L. and
            Diakonikolas, Ilias and
            Kane, Daniel M. and
            Stewart, Alistair},
  title     = {Testing {B}ayesian Networks},
  journal   = {{IEEE} Transactions on Information Theory},
  volume    = {66},
  number    = {5},
  pages     = {3132--3170},
  year      = {2020},
  doi       = {10.1109/TIT.2020.2971625},
  url       = {https://arxiv.org/abs/1612.03156}
}
@article{CGGKW:19,
 author = {Canonne, Cl{\'{e}}ment L. and Grigorescu, Elena and Guo, Siyao and Kumar, Akash and Wimmer, Karl},
 title = {Testing $k$-Monotonicity: The Rise and Fall of {Boolean} Functions},
 year = {2019},
 pages = {1--55},
 doi = {10.4086/toc.2019.v015a001},
 publisher = {Theory of Computing},
 journal = {Theory of Computing},
 volume = {15},
 number = {1},
 url = {http://www.theoryofcomputing.org/articles/v015a001},
}
@article{BCELR:19,
   author = {Blais, Eric and Canonne, Cl{\'e}ment L. and Eden, Talya and Levi, Amit and Ron, Dana},
   title = {Tolerant Junta Testing and the Connection to Submodular Optimization and Function Isomorphism},
   journal = {ACM Transactions on Computation Theory},
   issue_date = {September 2019},
   volume = {11},
   number = {4},
   year = {2019},
   issn = {1942-3454},
   pages = {24:1--24:33},
   articleno = {24},
   numpages = {33},
   doi = {10.1145/3337789},
   acmid = {3337789},
   publisher = {ACM},
   url       = {https://arxiv.org/abs/1607.03938}
} 
@article{BCG:19,
 author = {Blais, Eric and Canonne, Cl{\'e}ment L. and Gur, Tom},
 title = {Distribution Testing Lower Bounds via Reductions from Communication Complexity},
 journal = {ACM Transactions on Computation Theory},
 issue_date = {April 2019},
 volume = {11},
 number = {2},
 year = {2019},
 issn = {1942-3454},
 pages = {6:1--6:37},
 articleno = {6},
 numpages = {37},
 doi = {10.1145/3305270},
 publisher = {ACM}
} 
@article{ACK:18,
 author = {Acharya, Jayadev and Canonne, Cl{\'{e}}ment L. and Kamath, Gautam},
 title = {A Chasm Between Identity and Equivalence Testing with Conditional Queries},
 year = {2018},
 pages = {1--46},
 doi = {10.4086/toc.2018.v014a019},
 publisher = {Theory of Computing},
 journal = {Theory of Computing},
 volume = {14},
 number = {19},
 url = {http://www.theoryofcomputing.org/articles/v014a019},
}
@article{CGMS:17,
  author    = {Canonne, Cl{\'{e}}ment L. and
               Guruswami, Venkatesan and
               Meka, Raghu and
               Sudan, Madhu},
  title     = {Communication With Imperfectly Shared Randomness},
  journal   = {{IEEE} Transactions on Information Theory},
  volume    = {63},
  number    = {10},
  pages     = {6799--6818},
  year      = {2017},
  doi       = {10.1109/TIT.2017.2734103},
  url       = {https://arxiv.org/abs/1411.3603}
}
@article{CDGR:17:ToCS,
  author    = {Canonne, Cl\'ement L. and Diakonikolas, Ilias and Gouleakis, Themis and Rubinfeld, Ronitt},
  title     = {Testing Shape Restrictions of Discrete Distributions},
  journal   = {Theory of Computing Systems},
  doi       = {10.1007/s00224-017-9785-6},
  volume    = {62},
  number    = {1},
  pages     = {4--62},
  year      = {2018},
  note      = {Invited issue for STACS 2016.},
  url       = {https://arxiv.org/abs/1507.03558}
}
@article{CRS:12:SICOMP,
  author    = {Canonne, Cl{\'e}ment L. and
               Ron, Dana and
               Servedio, Rocco A.},
  title     = {Testing probability distributions using conditional samples},
  journal   = {{SIAM} {J}ournal on {C}omputing ({SICOMP})},
  volume    = {44},
  number    = {3},
  pages      = {540-616},
  year      = {2015},
  doi       = {10.1137/130945508},
  url       = {https://arxiv.org/abs/1211.2664}
}
@article{CG:18,
  author    = {Canonne, Cl{\'{e}}ment L. and
               Gur, Tom},
  title     = {An Adaptivity Hierarchy Theorem for Property Testing},
  journal   = {computational complexity},
  year      = {2018},
  volume    = 27,
  number    = 4,
  pages     = {671--716},
  doi       = {10.1007/s00037-018-0168-4},
  url       = {https://arxiv.org/abs/1702.05678}
}
