@article{CG:24,
  author       = {Cl{\'{e}}ment L. Canonne and
                  Abigail Gentle},
  title        = {Locally Private Histograms in All Privacy Regimes},
  journal      = {CoRR},
  volume       = {abs/2408.04888},
  year         = {2024}
}

@article{HC:23,
  author       = {Yiyang Huang and
                  Cl{\'{e}}ment L. Canonne},
  title        = {Tight Bounds for Machine Unlearning via Differential Privacy},
  journal      = {CoRR},
  volume       = {abs/2309.00886},
  year         = {2023}
}

@article{QCR:20,
  author    = {Yihui Quek and
               Cl{\'{e}}ment L. Canonne and
               Patrick Rebentrost},
  title     = {Robust quantum minimum finding with an application to hypothesis selection},
  journal   = {CoRR},
  volume    = {abs/2003.11777},
  year      = {2020},
  note      = {Contribution order.},
  url       = {https://arxiv.org/abs/2003.11777}
}

